@online{seattlerobotics,
	author = {{Seattle Robotics}},
	title="{Encoder : The newsletter of the Seattle Robotics Society}",
	howpublished="\url{http://www.seattlerobotics.org/encoder/mar98/fuz/flindex.html}",
	url="\url{http://www.seattlerobotics.org/encoder/mar98/fuz/flindex.html}"
}
@online{scholarpedia_fuzzy_neural,
	author = {{Rudolf Kruse}},
	title="{Fuzzy Neural Network}",
	howpublished="\url{http://www.scholarpedia.org/article/Fuzzy_neural_network}",
	url="\url{http://www.scholarpedia.org/article/Fuzzy_neural_network}"
}
@online{report_stergiou,
	author = {{Christos Stergiou, Dimitrios Siganos}},
	title="{Neural networks}",
	howpublished="\url{http://www.doc.ic.ac.uk/~nd/surprise_96/journal/vol4/cs11/report.html}",
	url="\url{http://www.doc.ic.ac.uk/~nd/surprise_96/journal/vol4/cs11/report.html}"
}
@online{wiki_ann,
	author = {{Wikimedia Foundation}},
	title="{Artificial neural networks}",
	howpublished="\url{https://en.wikipedia.org/wiki/Artificial_neural_network}",
	url="\url{https://en.wikipedia.org/wiki/Artificial_neural_network}"
}
@online{intro_ann_leslie_smith,
	author = {{Leslie Smith}},
	title="{An Introduction to Neural Networks}",
	howpublished="\url{http://www.cs.stir.ac.uk/~lss/NNIntro/InvSlides.html}",
	url="\url{http://www.cs.stir.ac.uk/~lss/NNIntro/InvSlides.html}"
}
@book{fuzzy_db,
	author= {{Srđan Škrbić, Miloš Racković}},
	title = {{Fuzzy databases}},
	year = "2013",
	publisher = "Faculty of Science, University of Novi Sad"
}
@article{mcculloh_pitts,
	author= {{Warren S. McCulloh, Walter Pitts}},
	title = {{A logical calculus of the ideas immanent in nervous activity}},
	journal = "Bulletin of Mathematical Biophysics",
	pages = "115-133",
	year = "1943"
}
@article{fuzzy_sets_zadeh,
	author= {{Lotfi A. Zadeh}},
	title = {{Fuzzy sets}},
	journal = "Information and Control",
	pages = "338-353",
	year = "1965"
}
@book{yamakawa,
	author= {{Yamakawa T, Uchino E, Miki F, et al.}},
	title = {{A neo fuzzy neuron and its application to system identification and prediction of the system behaviour}},
	year = "1992"
}
@unpublished{lecture_rome_university,
	author = {Prof. Michele Scarpiniti},
	institution = {University of Rome},
	year = {2009},
	title = {Neural networks, lesson 9 - Fuzzy logic}
}